<collection>
<record>
  <controlfield tag="001">981872</controlfield>
  <controlfield tag="005">20150923131831.0</controlfield>
  <datafield tag="035" ind1=" " ind2=" ">
    <subfield code="9">INSPIRE</subfield>
    <subfield code="a">INSPIRE-00440376</subfield>
  </datafield>
  <datafield tag="035" ind1=" " ind2=" ">
    <subfield code="9">BAI</subfield>
    <subfield code="a">M.Zyskin.1</subfield>
  </datafield>
  <datafield tag="035" ind1=" " ind2=" ">
    <subfield code="9">ORCID</subfield>
    <subfield code="a">0000-0001-5882-6823</subfield>
  </datafield>
  <datafield tag="100" ind1=" " ind2=" ">
    <subfield code="a">Zyskin, Maxim V.</subfield>
    <subfield code="q">Maxim V. Zyskin</subfield>
  </datafield>
  <datafield tag="371" ind1=" " ind2=" ">
    <subfield code="z">Current</subfield>
  </datafield>
  <datafield tag="371" ind1=" " ind2=" ">
    <subfield code="a">Hewlett-Packard, Bristol</subfield>
    <subfield code="z">Current</subfield>
    <subfield code="z">906342</subfield>
  </datafield>
  <datafield tag="371" ind1=" " ind2=" ">
    <subfield code="a">Rutgers U., Piscataway</subfield>
    <subfield code="r">PHD</subfield>
    <subfield code="t">1996</subfield>
  </datafield>
  <datafield tag="909" ind1="C" ind2="O">
    <subfield code="o">oai:inspirehep.net:981872</subfield>
    <subfield code="p">INSPIRE:HepNames</subfield>
  </datafield>
  <datafield tag="961" ind1=" " ind2=" ">
    <subfield code="c">2001-07-27</subfield>
    <subfield code="x">2015-09-23</subfield>
  </datafield>
  <datafield tag="970" ind1=" " ind2=" ">
    <subfield code="a">HEPNAMES-19</subfield>
  </datafield>
  <datafield tag="980" ind1=" " ind2=" ">
  </datafield>
  <datafield tag="980" ind1=" " ind2=" ">
    <subfield code="a">HEPNAMES</subfield>
  </datafield>
  <datafield tag="980" ind1=" " ind2=" ">
    <subfield code="a">USEFUL</subfield>
  </datafield>
</record>