

<record>
  <controlfield tag="001">1010819</controlfield>
  <controlfield tag="005">20150923135918.0</controlfield>
  <datafield tag="035" ind1=" " ind2=" ">
    <subfield code="9">CERN</subfield>
    <subfield code="a">CERN-389900</subfield>
  </datafield>
  <datafield tag="035" ind1=" " ind2=" ">
    <subfield code="9">INSPIRE</subfield>
    <subfield code="a">INSPIRE-00146525</subfield>
  </datafield>
  <datafield tag="035" ind1=" " ind2=" ">
    <subfield code="9">BAI</subfield>
    <subfield code="a">J.R.Ellis.1</subfield>
  </datafield>
  <datafield tag="035" ind1=" " ind2=" ">
    <subfield code="9">Wikipedia</subfield>
    <subfield code="a">John_Ellis_(physicist)</subfield>
  </datafield>
  <datafield tag="100" ind1=" " ind2=" ">
    <subfield code="a">Ellis, John Richard</subfield>
    <subfield code="g">ACTIVE</subfield>
    <subfield code="q">John Richard Ellis</subfield>
  </datafield>
  <datafield tag="371" ind1=" " ind2=" ">
    <subfield code="a">King's Coll. London</subfield>
    <subfield code="r">SENIOR</subfield>
    <subfield code="s">2010</subfield>
    <subfield code="z">Current</subfield>
  </datafield>
  <datafield tag="371" ind1=" " ind2=" ">
    <subfield code="a">CERN</subfield>
    <subfield code="m">john.ellis@cern.ch</subfield>
    <subfield code="r">SENIOR</subfield>
    <subfield code="s">1973</subfield>
    <subfield code="t">2010</subfield>
    <subfield code="z">902725</subfield>
  </datafield>
  <datafield tag="371" ind1=" " ind2=" ">
    <subfield code="a">Caltech</subfield>
    <subfield code="r">PD</subfield>
  </datafield>
  <datafield tag="371" ind1=" " ind2=" ">
    <subfield code="a">SLAC</subfield>
    <subfield code="r">PD</subfield>
  </datafield>
  <datafield tag="371" ind1=" " ind2=" ">
    <subfield code="a">Cambridge U.</subfield>
    <subfield code="r">PHD</subfield>
    <subfield code="s">1967</subfield>
    <subfield code="t">1971</subfield>
  </datafield>
  <datafield tag="371" ind1=" " ind2=" ">
    <subfield code="a">Cambridge U.</subfield>
    <subfield code="r">UG</subfield>
    <subfield code="s">1964</subfield>
    <subfield code="t">1967</subfield>
  </datafield>
  <datafield tag="970" ind1=" " ind2=" ">
    <subfield code="a">HEPNAMES-326275</subfield>
  </datafield>
  <datafield tag="980" ind1=" " ind2=" ">
    <subfield code="a">HEPNAMES</subfield>
  </datafield>
  <datafield tag="980" ind1=" " ind2=" ">
    <subfield code="a">USEFUL</subfield>
  </datafield>
  <datafield tag="909" ind1="C" ind2="O">
    <subfield code="o">oai:inspirehep.net:1010819</subfield>
    <subfield code="p">INSPIRE:HepNames</subfield>
  </datafield>
  <datafield tag="961" ind1=" " ind2=" ">
    <subfield code="c">1999-06-18</subfield>
    <subfield code="x">2015-08-03</subfield>
  </datafield>
  <datafield tag="711" ind1=" " ind2=" ">
    <subfield code="a">C10-02-24</subfield>
  </datafield>
  <datafield tag="856" ind1="4" ind2=" ">
    <subfield code="u">https://www.kcl.ac.uk/nms/depts/physics/people/academicstaff/ellis.aspx</subfield>
  </datafield>
  <datafield tag="400" ind1=" " ind2=" ">
    <subfield code="a">Ellis, Jonathan Richard</subfield>
  </datafield>
  <datafield tag="650" ind1="1" ind2="7">
    <subfield code="2">INSPIRE</subfield>
    <subfield code="a">HEP-TH</subfield>
  </datafield>
  <datafield tag="650" ind1="1" ind2="7">
    <subfield code="2">INSPIRE</subfield>
    <subfield code="a">HEP-PH</subfield>
  </datafield>
  <datafield tag="650" ind1="1" ind2="7">
    <subfield code="2">INSPIRE</subfield>
    <subfield code="a">ASTRO-PH</subfield>
  </datafield>
</record>