

<record>
  <controlfield tag="001">1010832</controlfield>
  <controlfield tag="005">20150923135919.0</controlfield>
  <datafield tag="035" ind1=" " ind2=" ">
    <subfield code="9">INSPIRE</subfield>
    <subfield code="a">INSPIRE-00079322</subfield>
  </datafield>
  <datafield tag="035" ind1=" " ind2=" ">
    <subfield code="9">CERN</subfield>
    <subfield code="a">CERN-389882</subfield>
  </datafield>
  <datafield tag="035" ind1=" " ind2=" ">
    <subfield code="9">BAI</subfield>
    <subfield code="a">M.Ellert.1</subfield>
  </datafield>
  <datafield tag="100" ind1=" " ind2=" ">
    <subfield code="a">Ellert, Mattias</subfield>
    <subfield code="g">ACTIVE</subfield>
    <subfield code="q">Mattias Ellert</subfield>
  </datafield>
  <datafield tag="371" ind1=" " ind2=" ">
    <subfield code="m">mattias.ellert@fysast.uu.se</subfield>
  </datafield>
  <datafield tag="371" ind1=" " ind2=" ">
    <subfield code="m">mattias.ellert@cern.ch</subfield>
  </datafield>
  <datafield tag="371" ind1=" " ind2=" ">
    <subfield code="a">Uppsala U.</subfield>
    <subfield code="r"></subfield>
    <subfield code="s"></subfield>
    <subfield code="t"></subfield>
    <subfield code="z">Current</subfield>
  </datafield>
  <datafield tag="371" ind1=" " ind2=" ">
    <subfield code="a">Uppsala U.</subfield>
    <subfield code="r">PHD</subfield>
    <subfield code="s"></subfield>
    <subfield code="t">2001</subfield>
    <subfield code="z"></subfield>
  </datafield>
  <datafield tag="371" ind1=" " ind2=" ">
    <subfield code="a">Uppsala U.</subfield>
    <subfield code="r">UG</subfield>
    <subfield code="s"></subfield>
    <subfield code="t"></subfield>
    <subfield code="z"></subfield>
  </datafield>
  <datafield tag="650" ind1="1" ind2="7">
    <subfield code="2">INSPIRE</subfield>
    <subfield code="a">HEP-EX</subfield>
  </datafield>
  <datafield tag="670" ind1=" " ind2=" ">
    <subfield code="a">webform</subfield>
  </datafield>
  <datafield tag="670" ind1=" " ind2=" ">
    <subfield code="d">2009-01-26</subfield>
  </datafield>
  <datafield tag="693" ind1=" " ind2=" ">
    <subfield code="e">CERN-LHC-ATLAS</subfield>
    <subfield code="0">1108541</subfield>
  </datafield>
  <datafield tag="693" ind1=" " ind2=" ">
    <subfield code="e">CERN-LEP-DELPHI</subfield>
    <subfield code="0">1109312</subfield>
  </datafield>
  <datafield tag="701" ind1=" " ind2=" ">
    <subfield code="a">Ekelof, Tord J.C.</subfield>
    <subfield code="i">INSPIRE-00079263</subfield>
  </datafield>
  <datafield tag="856" ind1="4" ind2=" ">
    <subfield code="u">http://www.tsl.uu.se/~ellert/</subfield>
  </datafield>
  <datafield tag="909" ind1="C" ind2="O">
    <subfield code="o">oai:inspirehep.net:1010832</subfield>
    <subfield code="p">INSPIRE:HepNames</subfield>
  </datafield>
  <datafield tag="961" ind1=" " ind2=" ">
    <subfield code="c">1996-06-22</subfield>
    <subfield code="x">2014-03-07</subfield>
  </datafield>
  <datafield tag="970" ind1=" " ind2=" ">
    <subfield code="a">HEPNAMES-326402</subfield>
  </datafield>
  <datafield tag="980" ind1=" " ind2=" ">
    <subfield code="a">HEPNAMES</subfield>
  </datafield>
  <datafield tag="980" ind1=" " ind2=" ">
    <subfield code="a">USEFUL</subfield>
  </datafield>
</record>