

<record>
  <controlfield tag="001">1010849</controlfield>
  <controlfield tag="005">20150923135919.0</controlfield>
  <datafield tag="035" ind1=" " ind2=" ">
    <subfield code="9">INSPIRE</subfield>
    <subfield code="a">INSPIRE-00079313</subfield>
  </datafield>
  <datafield tag="035" ind1=" " ind2=" ">
    <subfield code="9">CERN</subfield>
    <subfield code="a">CERN-389853</subfield>
  </datafield>
  <datafield tag="035" ind1=" " ind2=" ">
    <subfield code="a">J.E.Elias.1</subfield>
    <subfield code="9">BAI</subfield>
  </datafield>
  <datafield tag="100" ind1=" " ind2=" ">
    <subfield code="a">Elias, John E.</subfield>
    <subfield code="g">DECEASED</subfield>
    <subfield code="q">John E. Elias</subfield>
  </datafield>
  <datafield tag="371" ind1=" " ind2=" ">
    <subfield code="a">Fermilab</subfield>
    <subfield code="r">SENIOR</subfield>
    <subfield code="s">1973</subfield>
    <subfield code="t">2005</subfield>
    <subfield code="z">902796</subfield>
  </datafield>
  <datafield tag="371" ind1=" " ind2=" ">
    <subfield code="a">MIT</subfield>
    <subfield code="r">PHD</subfield>
    <subfield code="t">1970</subfield>
    <subfield code="z">907455</subfield>
  </datafield>
  <datafield tag="371" ind1=" " ind2=" ">
    <subfield code="a">Rensselaer Poly.</subfield>
    <subfield code="r">UG</subfield>
    <subfield code="z">903154</subfield>
  </datafield>
  <datafield tag="650" ind1="1" ind2="7">
    <subfield code="2">INSPIRE</subfield>
    <subfield code="a">HEP-EX</subfield>
  </datafield>
  <datafield tag="670" ind1=" " ind2=" ">
    <subfield code="a">webform</subfield>
  </datafield>
  <datafield tag="693" ind1=" " ind2=" ">
    <subfield code="e">CERN-LHC-CMS</subfield>
    <subfield code="0">1108642</subfield>
  </datafield>
  <datafield tag="701" ind1=" " ind2=" ">
    <subfield code="a">Kendall, Henry W.</subfield>
    <subfield code="i">INSPIRE-00082550</subfield>
  </datafield>
  <datafield tag="701" ind1=" " ind2=" ">
    <subfield code="a">Friedman, Jerome I.</subfield>
    <subfield code="i">INSPIRE-00143991</subfield>
  </datafield>
  <datafield tag="856" ind1="4" ind2=" ">
    <subfield code="u">http://www.fnal.gov/pub/today/archive/archive_2009/today09-10-16.html</subfield>
  </datafield>
  <datafield tag="909" ind1="C" ind2="O">
    <subfield code="o">oai:inspirehep.net:1010849</subfield>
    <subfield code="p">INSPIRE:HepNames</subfield>
  </datafield>
  <datafield tag="961" ind1=" " ind2=" ">
    <subfield code="c">1995-07-21</subfield>
    <subfield code="x">2015-04-02</subfield>
  </datafield>
  <datafield tag="970" ind1=" " ind2=" ">
    <subfield code="a">HEPNAMES-326593</subfield>
  </datafield>
  <datafield tag="980" ind1=" " ind2=" ">
    <subfield code="a">HEPNAMES</subfield>
  </datafield>
  <datafield tag="980" ind1=" " ind2=" ">
    <subfield code="a">USEFUL</subfield>
  </datafield>
</record>