

<record>
  <controlfield tag="001">1010851</controlfield>
  <controlfield tag="005">20160223214805.0</controlfield>
  <datafield tag="035" ind1=" " ind2=" ">
    <subfield code="a">INSPIRE-00079305</subfield>
    <subfield code="9">INSPIRE</subfield>
  </datafield>
  <datafield tag="035" ind1=" " ind2=" ">
    <subfield code="9">CERN</subfield>
    <subfield code="a">CERN-389849</subfield>
  </datafield>
  <datafield tag="035" ind1=" " ind2=" ">
    <subfield code="9">BAI</subfield>
    <subfield code="a">D.Elia.1</subfield>
  </datafield>
  <datafield tag="035" ind1=" " ind2=" ">
    <subfield code="a">0000-0001-6351-2378</subfield>
    <subfield code="9">ORCID</subfield>
  </datafield>
  <datafield tag="100" ind1=" " ind2=" ">
    <subfield code="a">Elia, Domenico</subfield>
    <subfield code="g">ACTIVE</subfield>
    <subfield code="q">Domenico Elia</subfield>
  </datafield>
  <datafield tag="371" ind1=" " ind2=" ">
    <subfield code="m">domenico.elia@cern.ch</subfield>
  </datafield>
  <datafield tag="371" ind1=" " ind2=" ">
    <subfield code="a">INFN, Bari</subfield>
    <subfield code="r">STAFF</subfield>
    <subfield code="s">2000</subfield>
    <subfield code="t"></subfield>
    <subfield code="z">Current</subfield>
  </datafield>
  <datafield tag="371" ind1=" " ind2=" ">
    <subfield code="a">Bari U.</subfield>
    <subfield code="r">UG</subfield>
    <subfield code="s"></subfield>
    <subfield code="t">1995</subfield>
    <subfield code="z"></subfield>
    <subfield code="z">902660</subfield>
  </datafield>
  <datafield tag="650" ind1="1" ind2="7">
    <subfield code="2">INSPIRE</subfield>
    <subfield code="a">HEP-EX</subfield>
  </datafield>
  <datafield tag="650" ind1="1" ind2="7">
    <subfield code="2">INSPIRE</subfield>
    <subfield code="a">NUCL-EX</subfield>
  </datafield>
  <datafield tag="670" ind1=" " ind2=" ">
    <subfield code="a">webform</subfield>
  </datafield>
  <datafield tag="670" ind1=" " ind2=" ">
    <subfield code="d">2010-08-23</subfield>
  </datafield>
  <datafield tag="693" ind1=" " ind2=" ">
    <subfield code="e">CERN-LHC-ALICE</subfield>
    <subfield code="0">1110642</subfield>
  </datafield>
  <datafield tag="856" ind1="4" ind2=" ">
    <subfield code="u">http://www.ba.infn.it/~finuda/elia.html</subfield>
  </datafield>
  <datafield tag="909" ind1="C" ind2="O">
    <subfield code="o">oai:inspirehep.net:1010851</subfield>
    <subfield code="p">INSPIRE:HepNames</subfield>
  </datafield>
  <datafield tag="961" ind1=" " ind2=" ">
    <subfield code="c">1996-06-22</subfield>
    <subfield code="x">2016-02-23</subfield>
  </datafield>
  <datafield tag="970" ind1=" " ind2=" ">
    <subfield code="a">HEPNAMES-326615</subfield>
  </datafield>
  <datafield tag="980" ind1=" " ind2=" ">
    <subfield code="a">HEPNAMES</subfield>
  </datafield>
  <datafield tag="980" ind1=" " ind2=" ">
    <subfield code="a">USEFUL</subfield>
  </datafield>
</record>
</collection>
